@misc{Lenzo, url={http://www.speech.cs.cmu.edu/cgi-bin/cmudict}, journal={The CMU Pronouncing Dictionary}, author={Lenzo, Kevin}, year={2014}} 

@misc{commondict, url={https://www.ef.edu/english-resources/english-vocabulary/top-3000-words/}, year={2023}, author={AG, Signum International}
}

@misc{princeton, title={WordNet}, url={https://wordnet.princeton.edu/download/current-version}, journal={Princeton University}, publisher={The Trustees of Princeton University}, author={Fellbaum, Christiane and Tengi, Randee}, year={2010}} 